<?xml version="1.0" encoding="UTF-8"?><collection xmlns="http://www.loc.gov/MARC21/slim"><record><leader>00351nam--2200121-i-4500</leader><controlfield tag="001">000034736</controlfield><controlfield tag="002">20161230</controlfield><controlfield tag="005">20161230201040</controlfield><controlfield tag="008">060222s1000------------r-----000-0-eng-d</controlfield><datafield ind1=" " ind2=" " tag="080"><subfield code="a">614.876</subfield></datafield><datafield ind1=" " ind2=" " tag="245"><subfield code="a">Ncrp report:basic radiation protection criteria</subfield></datafield><datafield ind1=" " ind2=" " tag="260"><subfield code="a">Washington, National Council On Radiation Protection And Measurements, 1971</subfield></datafield><datafield ind1=" " ind2=" " tag="852"><subfield code="a">36306</subfield></datafield></record></collection>